<record><leader>00000cas a2200000 a 4500</leader><controlfield tag="001">15028281</controlfield><controlfield tag="007">hd afb---buuu</controlfield><controlfield tag="008">861231u1871uuuuncuwr n a     0    0eng c</controlfield><datafield ind1=" " ind2=" " tag="010"><subfield code="a">  2011229364</subfield></datafield><datafield ind1=" " ind2=" " tag="040"><subfield code="a">NCS</subfield><subfield code="b">eng</subfield><subfield code="c">NCS</subfield><subfield code="d">OCL</subfield><subfield code="d">OCLCQ</subfield><subfield code="d">NCECU</subfield><subfield code="d">FUG</subfield><subfield code="d">OCLCQ</subfield><subfield code="d">OCLCF</subfield><subfield code="d">OCLCO</subfield><subfield code="d">OCLCQ</subfield></datafield><datafield ind1=" " ind2=" " tag="019"><subfield code="a">12730576</subfield></datafield><datafield ind1=" " ind2=" " tag="042"><subfield code="a">pcc</subfield></datafield><datafield ind1=" " ind2=" " tag="043"><subfield code="a">n-us-nc</subfield></datafield><datafield ind1="0" ind2=" " tag="130"><subfield code="a">Carolina watchman (Salisbury, N.C. : 1871)</subfield></datafield><datafield ind1="1" ind2="0" tag="245"><subfield code="a">Carolina watchman.</subfield></datafield><datafield ind1=" " ind2=" " tag="260"><subfield code="a">Salisbury, N.C. :</subfield><subfield code="b">J.J. Bruner,</subfield><subfield code="c">1871-</subfield></datafield><datafield ind1=" " ind2=" " tag="300"><subfield code="a">volumes :</subfield><subfield code="b">illustrations</subfield></datafield><datafield ind1=" " ind2=" " tag="310"><subfield code="a">Weekly</subfield></datafield><datafield ind1=" " ind2=" " tag="336"><subfield code="a">text</subfield><subfield code="b">txt</subfield><subfield code="2">rdacontent</subfield></datafield><datafield ind1=" " ind2=" " tag="337"><subfield code="a">microform</subfield><subfield code="b">h</subfield><subfield code="2">rdamedia</subfield></datafield><datafield ind1=" " ind2=" " tag="338"><subfield code="a">microfilm reel</subfield><subfield code="b">hd</subfield><subfield code="2">rdacarrier</subfield></datafield><datafield ind1="0" ind2=" " tag="362"><subfield code="a">Third ser., vol. 3, no. 1 (Sept. 22, 1871)-</subfield></datafield><datafield ind1=" " ind2=" " tag="500"><subfield code="a">"Always independent and candid."</subfield></datafield><datafield ind1=" " ind2=" " tag="500"><subfield code="a">"Conservative," (to use a modern term)--and advocated obedience to the laws ... but the firm pursuit of moderate, rational and lawful means for the correction of the wrongs complained of."</subfield></datafield><datafield ind1=" " ind2=" " tag="500"><subfield code="a">"Whig in politics ... as against the rash progressiveness of the democratic party."</subfield></datafield><datafield ind1=" " ind2=" " tag="515"><subfield code="a">Issues also carry whole numbering.</subfield></datafield><datafield ind1=" " ind2=" " tag="515"><subfield code="a">Issues carry different numeric designations.</subfield></datafield><datafield ind1=" " ind2=" " tag="580"><subfield code="a">Filmed with: Old North State ; Watchman &amp; Old North State.</subfield></datafield><datafield ind1=" " ind2=" " tag="533"><subfield code="a">Microfilm.</subfield><subfield code="b">Raleigh, N.C. :</subfield><subfield code="c">N.C. Dept. of Archives and History, Division of Archives and Manuscripts.</subfield><subfield code="e">microfilm reels ; 35 mm.</subfield></datafield><datafield ind1=" " ind2="0" tag="651"><subfield code="a">Salisbury (N.C.)</subfield><subfield code="v">Newspapers.</subfield></datafield><datafield ind1=" " ind2="7" tag="651"><subfield code="a">North Carolina</subfield><subfield code="z">Salisbury.</subfield><subfield code="2">fast</subfield><subfield code="0">(OCoLC)fst01202783</subfield></datafield><datafield ind1=" " ind2="7" tag="655"><subfield code="a">Newspapers.</subfield><subfield code="2">fast</subfield><subfield code="0">(OCoLC)fst01423814</subfield></datafield><datafield ind1=" " ind2=" " tag="752"><subfield code="a">United States</subfield><subfield code="b">North Carolina</subfield><subfield code="c">Rowan</subfield><subfield code="d">Salisbury.</subfield></datafield><datafield ind1="0" ind2=" " tag="776"><subfield code="t">Carolina watchman</subfield><subfield code="w">(OCoLC)12730589</subfield></datafield><datafield ind1="0" ind2="0" tag="780"><subfield code="t">Old North State</subfield><subfield code="w">(OCoLC)17395821</subfield></datafield></record>